%%%%%%%%%%%%%%%%%%
% 			 
%			Master Thesis - UWB
%				Bibliography
%
%			Author : Wilson Daubry
%
%%%%%%%%%%%%%%%%%%

@article{dalce2011comparison,
  title={Comparison of indoor localization systems based on wireless communications},
  author={Dalce, Rejane and Val, Thierry and Bossche, Adrien V},
  year={2011},
  publisher={Scientific Research Publishing}
}

@inproceedings{kulmer2017using,
  title={Using DecaWave UWB transceivers for high-accuracy multipath-assisted indoor positioning},
  author={Kulmer, Josef and Hinteregger, Stefan and Gro{\ss}windhager, Bernhard and Rath, Michael and Bakr, Mustafa S and Leitinger, Erik and Witrisal, Klaus},
  booktitle={2017 IEEE International Conference on Communications Workshops (ICC Workshops)},
  pages={1239--1245},
  year={2017},
  organization={IEEE}
}

@book{nekoogar2005uwb,
author = {Nekoogar, Faranak},
title = {Ultra-Wideband Communications: Fundamentals and Applications},
year = {2005},
isbn = {0131463268},
publisher = {Prentice Hall Press},
address = {USA},
edition = {First}
}

@MastersThesis{defraye2017determining,
    author     =     {Defraye, Jense},
    title     =     {Determining the position of sporters using
ultra-wideband indoor localization},
    school     =     {UGent},
    address     =     {Belgium},
    year     =     {2017}
}

@MastersThesis{hannotier2019indoor,
	author = {Hannotier, Cedric},
	title = {Indoor localization and navigation using ultra-wideband ranging},
	school = {ULB-VUB},
	address = {Belgium},
	year = {2019}
}

@MastersThesis{fesler2018high,
	author = {Fesler, Quentin},
	title = {High-accuracy localization of robotic platforms with ultra-wideband wireless transceivers},
	school = {ULB-VUB},
	address = {Belgium},
	year = {2018}
}

@manual{itur2006characteristics,
	author = {ITU-R SM.1755-0},
	title = {Characteristics of ultra-wideband technology},
	year = {2006},
	website = {www.itu.int}
}

@misc{decawave,
  title = {{Decawave} DWM1000 module},
  howpublished = {\url{https://www.decawave.com/product/dwm1000-module/}},
  note = {Accessed: 05-2020}
}

@misc{eulaw,
title = {{Decawave} Certification Guide Europe},
howpublished = {\url{https://www.decawave.com/wp-content/uploads/2018/10/APR003_Certification-Guide-Europe_v1.1.pdf}},
page = {Page 14}
}

@misc{usermanual,
title = {{Decawave} DWM1000 User Manual},
howpublished = {\url{https://www.decawave.com/sites/default/files/resources/dw1000_user_manual_2.11.pdf}},
year = {2017}
}

@misc{busspi,
title = {Bus SPI},
howpublished = {\url{http://projet.eu.org/pedago/sin/term/8-bus_SPI.pdf}}
}

@misc{esp8266,
title = {{ESP8266} Datasheet},
howpublished = {\url{https://www.espressif.com/sites/default/files/documentation/0a-esp8266ex_datasheet_en.pdf}},
year = {2020}
}

@misc{adafruit,
title = {{Adafruit} Feather Huzzah datasheet},
howpublished = {\url{https://cdn-learn.adafruit.com/downloads/pdf/adafruit-feather-huzzah-esp8266.pdf}},
year = {2020}
}
	
@unpublished{guyard2019navigation,
  title = {Navigation et localisation en intérieur grâce à l’émission d’ondes à large bande fréquentielle},
  author = {Guyard, Léon},
  school = {ULB - INP Grenoble}, 
  address = {Belgium},
  year = {2019}
}

@inproceedings{zhou2009efficient,
  title={An efficient least-squares trilateration algorithm for mobile robot localization},
  author={Zhou, Yu},
  booktitle={2009 IEEE/RSJ International Conference on Intelligent Robots and Systems},
  pages={3474--3479},
  year={2009},
  organization={IEEE}
}

@unpublished{garonne2019course,
title = {Course of : Control System Design },
author = {Garonne, Emmanuel},
school = {ULB},
address = {Belgium},
year = {2017}
}

@INPROCEEDINGS{meissner2010uwb,  
author={P. {Meissner} and C. {Steiner} and K. {Witrisal}},  booktitle={2010 7th Workshop on Positioning, Navigation and Communication},   
title={UWB positioning with virtual anchors and floor plan information},   
year={2010},  
volume={},  
number={},  
pages={150-156},
}